

@article{Autor1998,
    author = {Sobrenome01, Autor01},
    journal = {Revista cient\'ifica},
    number = {13},
    pages = {10--23},
    title = {T\'itulo do artigo.},
    volume = {2},
    year = {1998},
}

@inproceedings{AutorEtAl1999,
    address = {Cidade, Estado, Pa\'is},
    author = {Sobrenome02, Autor02 and Sobrenome01, Autor01 and Sobrenome03, Autor03 },
    booktitle = {Congresso Internacional},
    month = {Janeiro},
    pages = {1--13},
    publisher = {Editora},
    title = {T\'itulo do trabalho completo.},
    volume = {1},
    year = {1999},
}

@book{Autor2005,
    address = {Cidade blá blá blá},
    author = {Sobrenome01, Autor01 and Sobrenome04, Autor04},
    publisher = {Editora},
    title = {T\'itulo do livro},
    year = {2005},
}

@MASTERSTHESIS{Autor2009,
  author =       {Sobrenome05, Autor05},
  title =        {T\'itulo da disserta\c{c}\~ao de mestrado.},
  school =       {Institui\c{c}\~ao},
  type  =        {Mestrado em alguma coisa},
  address =      {Cidade},
  year =         {2009},
}

@PHDTHESIS{Autor2002,
  author =       {Sobrenome03, Autor03},
  title =        {T\'itulo da tese de doutorado.},
  school =       {Institui\c{c}\~ao},
  type  =        {Doutorado em outra coisa},
  address =      {Cidade},
  year =         {2002},
}

@MISC{Mota2002,
  author =       {Mota, Helder A.},
  title =        {Sei l\'a},
  howpublished = {URL: www.mota.com.br},
  month =        {Abril},
  year =         {2002},

}

%----------------------------------------------------------------
% My Publications
@inproceedings{inproceedings,
    author = {Barreto, Renata and Oliveira, Jótelly and Carneiro, Tereza and Pereira, Hernane and Monteiro, Roberto},
    year = {2019},
    month = {11},
    pages = {722-729},
    title = {RPG ONLINE: UMA ANÁLISE BASEADA NA ANÁLISE DE REDES SEMÂNTICAS DE CLIQUES},
    doi = {10.5151/siintec2019-90},
}

@article{fraundorfer2011visual,
  title={Visual odometry: Part i: The first 30 years and fundamentals},
  author={Fraundorfer, Friedrich and Scaramuzza, Davide},
  journal={IEEE Robotics and Automation Magazine},
  volume={18},
  number={4},
  pages={80--92},
  year={2011},
}

@article{yousif2015overview,
  title={An overview to visual odometry and visual SLAM: Applications to mobile robotics},
  author={Yousif, Khalid and Bab-Hadiashar, Alireza and Hoseinnezhad, Reza},
  journal={Intelligent Industrial Systems},
  volume={1},
  number={4},
  pages={289--311},
  year={2015},
  publisher={Springer},
}

@inproceedings{nister2004visual,
  title={Visual odometry},
  author={Nist{\'e}r, David and Naroditsky, Oleg and Bergen, James},
  booktitle={Proceedings of the 2004 IEEE Computer Society Conference on Computer Vision and Pattern Recognition, 2004. CVPR 2004.},
  volume={1},
  pages={I--I},
  year={2004},
  organization={Ieee},
}

@inproceedings{wirth2013visual,
  title={Visual odometry for autonomous underwater vehicles},
  author={Wirth, Stephan and Carrasco, Pep Lluis Negre and Codina, Gabriel Oliver},
  booktitle={2013 MTS/IEEE OCEANS-Bergen},
  pages={1--6},
  year={2013},
  organization={IEEE},
}

@article{nawaf2017towards,
  title={Towards guided underwater survey using light visual odometry},
  author={Nawaf, MM and Drap, P and Royer, JP and Merad, D and Saccone, M},
  journal={The International Archives of Photogrammetry, Remote Sensing and Spatial Information Sciences},
  volume={42},
  pages={527},
  year={2017},
  publisher={Copernicus GmbH},
}

@article{bellavia2017selective,
  title={Selective visual odometry for accurate AUV localization},
  author={Bellavia, Fabio and Fanfani, Marco and Colombo, Carlo},
  journal={Autonomous Robots},
  volume={41},
  number={1},
  pages={133--143},
  year={2017},
  publisher={Springer},
}

@article{strasdat2012visual,
  title={Visual SLAM: why filter?},
  author={Strasdat, Hauke and Montiel, Jos{\'e} MM and Davison, Andrew J},
  journal={Image and Vision Computing},
  volume={30},
  number={2},
  pages={65--77},
  year={2012},
  publisher={Elsevier},
}

@incollection{huang2017visual,
  title={Visual odometry and mapping for autonomous flight using an RGB-D camera},
  author={Huang, Albert S and Bachrach, Abraham and Henry, Peter and Krainin, Michael and Maturana, Daniel and Fox, Dieter and Roy, Nicholas},
  booktitle={Robotics Research},
  pages={235--252},
  year={2017},
  publisher={Springer},
}

@inproceedings{corke2007experiments,
  title={Experiments with underwater robot localization and tracking},
  author={Corke, Peter and Detweiler, Carrick and Dunbabin, Matthew and Hamilton, Michael and Rus, Daniela and Vasilescu, Iuliu},
  booktitle={Proceedings 2007 IEEE International Conference on Robotics and Automation},
  pages={4556--4561},
  year={2007},
  organization={IEEE},
}

@inproceedings{creuze2017monocular,
  title={Monocular odometry for underwater vehicles with online estimation of the scale factor},
  author={Creuze, Vincent},
  booktitle = {IFAC 2017 World Congress},
  year={2017},
}

@article{kim2013real,
  title={Real-time visual SLAM for autonomous underwater hull inspection using visual saliency},
  author={Kim, Ayoung and Eustice, Ryan M},
  journal={IEEE Transactions on Robotics},
  volume={29},
  number={3},
  pages={719--733},
  year={2013},
  publisher={IEEE},
}

@article{lowe2004distinctive,
  title={Distinctive image features from scale-invariant keypoints},
  author={Lowe, David G},
  journal={International journal of computer vision},
  volume={60},
  number={2},
  pages={91--110},
  year={2004},
  publisher={Springer},
}

@inproceedings{bay2006surf,
  title={Surf: Speeded up robust features},
  author={Bay, Herbert and Tuytelaars, Tinne and Van Gool, Luc},
  booktitle={European conference on computer vision},
  pages={404--417},
  year={2006},
  organization={Springer},
}

@article{eustice2008visually,
  title={Visually augmented navigation for autonomous underwater vehicles},
  author={Eustice, Ryan M and Pizarro, Oscar and Singh, Hanumant},
  journal={IEEE Journal of Oceanic Engineering},
  volume={33},
  number={2},
  pages={103--122},
  year={2008},
  publisher={IEEE},
}

@inproceedings{kim2009pose,
  title={Pose-graph visual SLAM with geometric model selection for autonomous underwater ship hull inspection},
  author={Kim, Ayoung and Eustice, Ryan},
  booktitle={2009 IEEE/RSJ International Conference on Intelligent Robots and Systems},
  pages={1559--1565},
  year={2009},
  organization={IEEE},
}

@inproceedings{stivanello2008correspondencia,
  title={Correspond{\^e}ncia densa para sistemas de vis{\~a}o estereosc{\'o}pica para rob{\'o}tica m{\'o}vel},
  author={STIVANELLO, MAURICIO EDGAR and LEAL, EDUARDO SCHWINDEN and PALLUAT, NICOLAS and STEMMER, MARCELO RICARDO},
  booktitle={Congresso Brasileiro de Autom{\'a}tica},
  year={2008},
}

@book{bappy2012study,
  title={A Study in 3D Structure Detection Implementing Forward Camera Motion},
  author={Bappy, DM and Rahman, Md Hamidur},
  booktitle={Masters in Electrical engineering},
  year={2012},
  month = {feb},
  publisher = {Omniscriptum Gmbh \& Co. Kg.},
}

@article{zhou2017robust,
  title={a Robust Method for Stereo Visual Odometry Based on Multiple Euclidean Distance Constraint and Ransac Algorithm},
  author={Zhou, Qi and Tong, Xiaohua and Liu, Shijie and Lu, Xiaojun and Chen, P and Jin, Y and Xie, H},
  journal={The International Archives of Photogrammetry, Remote Sensing and Spatial Information Sciences},
  volume={42},
  pages={219},
  year={2017},
  publisher={Copernicus GmbH},
}

@article{chen2015performance,
  title={The Performance Analysis of Stereo Visual Odometry Assisted Low-Cost INS/GPS Integration System},
  author={Chen, Li-Hung and Chiang, Kai-Wei},
  journal={Smart Science},
  volume={3},
  number={3},
  pages={148--156},
  year={2015},
  publisher={Taylor \& Francis},
}

@misc{monstermotorshield,
author={instructables},
booktitle = {Instructables},
mendeley-groups = {Disserta{\c{c}}{\~{a}}o{\_}Mestrado},
pages = {2--9},
title = {{Monster Motor Shield VNH2SP30}},
url = {https://www.instructables.com/id/Monster-Motor-Shield-VNH2SP30/},
urldate = {2020-02-27},
year = {2016},
}

@misc{bombadeporao,
author={seaflo},
booktitle = {Seaflo},
mendeley-groups = {Disserta{\c{c}}{\~{a}}o{\_}Mestrado},
title = {{Bilge Pump 12v | SEAFLO 1100 GPH DC Submersible Marine Water Pumps'}},
url = {http://www.seaflo.com/en-us/product/detail/619.html},
urldate = {2020-02-27},
year = {2018},
}

@misc{ROSIntroduction,
author={ros.org},
booktitle = {Ros.org},
title = {{ROS/Introduction - ROS Wiki}},
url = {http://wiki.ros.org/ROS/Introduction},
urldate = {2020-02-27},
year = {2018},
}

@misc{whatisUbuntu,
author={ubuntu},
booktitle = {Ubuntu},
title = {{What is Ubuntu}},
url = {https://help.ubuntu.com/lts/installation-guide/s390x/ch01s01.html?_ga=2.104634883.2038114713.1582800789-242135103.1582800789},
urldate = {2020-02-27},
year = {2018},
}

@misc{canonical,
author={canonical},
booktitle = {Canonical Ltd},
title = {{Deliver, maintain,secure and sustain}},
url = {https://canonical.com},
urldate = {2020-02-27},
year = {2018},
}

@misc{gazebo,
author={Gazebo},
mendeley-groups = {Disserta{\c{c}}{\~{a}}o{\_}Mestrado},
title = {{Gazebo}},
url = {http://gazebosim.org/},
urldate = {2020-02-27},
year = {2013},
}
